2602 4470
144 448 147 453 .
543 369 636 454 (ss)

102 496 257 576 Quaedam
281 496 322 561 ad
343 519 449 561 ramos
469 496 608 572 soricum
638 493 801 582 applicant
826 518 913 561 nunc
936 495 1115 584 simplicem

57 628 144 671 nunc
162 605 343 694 duplicem,
365 604 448 670 soliis
466 590 637 692 aliquando
655 603 876 671 subvestitum.

102 712 248 780 Sericum
271 711 389 803 duplex
405 711 524 802 duplici
541 714 623 780 serie
640 724 848 790 contextum,
864 714 1017 792 ¹interiori
1036 710 1119 778 mol·

32 826 34 837 “
57 819 147 889 licre.

104 933 370 1022 Metamorphosis
385 931 560 997 multarum
577 933 609 996 in
630 955 750 1022 papam
766 933 875 1009 tarda,
892 946 923 998 et
937 944 1008 1023 post
1025 955 1118 998 men-

58 1065 107 1108 ses
124 1043 180 1107 otii
197 1040 318 1131 aliquot
333 1047 457 1119 tantum
473 1041 634 1108 eveniens.

524 1191 646 1257 Ovum.

103 1314 353 1380 Tenthredincta
367 1315 491 1380 saemina
501 1364 510 1390 ,
520 1293 685 1381 ⁵corticem
697 1293 783 1377 ¹’rami
800 1314 867 1399 (aut
880 1312 1027 1378 foliorum
1042 1338 1117 1380 ner·

56 1445 152 1488 auras
171 1423 358 1512 primarias)
384 1422 630 1510 ovidcpositorio
653 1413 712 1487 ceu
734 1413 823 1487 serra
845 1405 1119 1510 lobgitudinaliter

57 1529 203 1606 findens,
228 1555 286 1597 ova
303 1530 489 1596 introducit.
517 1529 612 1618 Plaga
625 1531 753 1618 quidem
775 1532 842 1597 lraec
861 1532 890 1597 ri
910 1533 1117 1618 vegetationis

56 1637 195 1703 naturali
207 1638 295 1705 brevi
311 1651 455 1728 tompore
469 1639 652 1727 cooperitur
664 1653 697 1704 et
712 1641 797 1707 circa
814 1664 871 1705 ova
885 1641 1114 1718 subexcreseit,

58 1745 146 1835 uude
162 1745 220 1810 sub
238 1771 276 1812 eo
292 1758 375 1811 statu
386 1745 644 1813 Tenthrodinetae
658 1746 849 1814 Gallinsecta
865 1749 1005 1842 quodam
1018 1749 1115 1817 modo

56 1856 121 1922 dici
135 1869 277 1945 possunt.
296 1856 397 1922 Unam
415 1869 522 1923 tamen
538 1857 616 1922 vidit
633 1842 890 1925 accuratissimus
902 1839 1114 1927 Renumurius

57 1956 127 2053 quie
139 1989 198 2030 ora
214 1989 270 2030 sua
287 1966 431 2031 nervuris
447 1964 514 2030 solii
530 1964 620 2031 Ribis
636 1950 721 2031 nuda
739 1973 826 2033 arcte
842 1967 1033 2056 applicabat.

79 2062 184 2140 'Hinc
200 2074 326 2151 videas,
348 2074 449 2141 lector
468 2074 706 2164 entornopbile‚
731 2082 827 2163 quam
849 2075 950 2142 multa
973 2079 1005 2142 iu
1023 2072 1112 2143 Ten-

57 2181 311 2260 thrediuetarum
330 2183 462 2255 historia
479 2184 711 2257 desiderentur.

350 2365 814 2435 TENTHREDINETAE.

102 2514 139 2581 Α.
167 2514 323 2582 Antennae
339 2515 481 2581 articulis
494 2510 642 2608 pluribus
658 2518 754 2605 quam
770 2518 892 2585 decem.

145 2643 169 2710 l.
190 2640 320 2710 Gallula
341 2642 476 2710 radiales
494 2645 531 2718 ὅς
563 2644 717 2712 cubitales
734 2647 764 2711 ὅ.
793 2645 949 2713 Antenora
965 2661 1106 2719 setaceae.

191 2751 482 2842 Ovidepositorium
499 2754 663 2837 abdomen
678 2754 815 2821 multum
832 2780 994 2845 superaus.

420 2904 540 2970 Divisio
556 2929 587 2970 a.
615 2904 740 2970 XrauA.

75 3047 80 3053 '
145 3032 185 3099 ll.
206 3031 487 3098 Cellulaeradiales
505 3055 535 3098 a.

195 3166 221 3222 r..
242 3140 372 3206 Cellulae
388 3141 542 3207 cubitales
559 3146 591 3222 4.

232 3251 247 3281 *
270 3250 428 3316 Antennre
449 3263 592 3317 setaceae.
632 3249 922 3340 Ovidepositorium
950 3253 1109 3321 abdomen

275 3359 489 3448 cylindricum
505 3383 670 3449 superaus.
715 3387 732 3409 ἰ

411 3512 482 3578 Div.
504 3511 532 3576 b.
560 3511 753 3577 Xsrarnnm.

232 3641 263 3671 **
281 3638 437 3706 Antennae
461 3652 603 3705 setaceae.
635 3634 926 3729 Oiidepositorium
949 3641 1108 3706 abdomen

274 3748 461 3837 depressum
475 3749 527 3823 vis
540 3771 703 3837 superaras.

456 3897 572 3962 Dice.
601 3897 732 3965 Lura..
839 3914 843 3921 '
917 3915 921 3923 '

232 4026 280 4057 ***
297 4025 452 4093 Antcnnae
466 4026 635 4115 pectinatae
651 4038 707 4092 aut
723 4028 888 4094 serratae.'·
