2602 4470
614 376 624 463 i
643 378 709 463 7²)

206 500 367 563 Abdomen
383 498 504 561 thorace
523 505 674 585 subduplb
687 506 817 585 longius.

202 604 396 663 Mandibttloe
408 604 495 676 lp—sel
512 606 684 668 bidentatoe.

207 706 331 765 Coetern
347 716 380 762 ut
394 708 424 763 in
443 717 470 764 ι·
484 708 607 767 tamtttt.

167 821 255 879 Nota.
279 827 314 877 1⁰.
329 820 432 880 Genus
445 820 591 879 Atlantas
609 820 724 895 bench,
748 834 952 883 antennarum
971 822 1107 885 articulo
1123 824 1187 899 Μ·

125 920 264 999 longiore
275 923 366 980 :Gen
381 921 553 982 Tentbredo
567 921 680 994 bench,
694 935 898 983 antennarum
909 926 1051 987 articulis
1063 928 1097 987 5·
1107 930 1187 1003 &qus

128 1021 303 1099 aequalibus.
327 1022 448 1101 Species
459 1023 653 1082 intermedias
672 1022 785 1083 multas
799 1026 861 1084 ridi
876 1045 944 1103 quas
962 1028 1091 1087 diffinite
1109 1026 1187 1087 alter·

128 1125 186 1181 utri
201 1124 302 1182 referri
314 1124 444 1204 possint:
454 1135 576 1183 caeteras
592 1125 695 1184 sedate
710 1126 822 1185 notavi.
841 1136 884 1184 αθ.
900 1128 1045 1189 Nerrura
1057 1126 1187 1207 quaed·

127 1223 204 1283 lulas
217 1224 342 1283 radiolas
355 1236 490 1304 separat,
509 1238 699 1297 undescota,
719 1246 800 1287 nuuc
814 1229 864 1288 aix
876 1228 1082 1301 iacerem-de
1093 1229 1186 1309 quibus

126 1327 335 1397 monebimus,
356 1345 437 1386 nuuc
451 1325 539 1386 stride
553 1329 689 1387 incurva.
713 1329 895 1388 Promiserat
908 1328 1187 1389 celeberrimusln·

126 1428 208 1499 riae,
231 1446 299 1506 pag.
315 1428 368 1500 52,
391 1426 503 1507 duplici
524 1430 650 1487 asterico
672 1448 704 1487 se
721 1440 896 1488 notatarum
912 1429 1057 1511 Allantos
1078 1431 1186 1491 mandi·

54 1556 57 1561 ·
123 1530 202 1589 bulis
216 1535 333 1588 tantum
348 1528 526 1601 bidentatis‚
542 1530 615 1587 ddm
627 1532 727 1588 caeteri
741 1530 982 1607 quadridentatis
997 1532 1152 1615 gaudeant
1163 1542 1187 1589 et

124 1634 204 1689 certe
218 1633 248 1688 in
264 1629 320 1689 bac
333 1632 481 1687 immensi
496 1628 641 1689 hacteuus
655 1629 788 1703 familia,
805 1642 975 1689 caracteres
996 1632 1118 1691 ordinis
1134 1631 1187 1711 pri·

122 1733 209 1790 marii
225 1742 258 1789 ut
278 1730 516 1808 multiplicentur
531 1750 653 1791 neccsse
672 1744 726 1790 est.
747 1734 811 1791 Nec
830 1730 953 1808 quidem
969 1732 1126 1793 inoculati
1142 1750 1186 1791 nos

123 1834 253 1889 auctoris
268 1832 349 1888 citati
365 1830 510 1889 oblivioni
526 1831 666 1911 supplere
680 1834 846 1911 potuimus.
869 1831 928 1891 Sed
948 1836 1023 1891 edm
1038 1848 1097 1893 'eas
1111 1850 1185 1911 ruas-

124 1932 232 1992 dibulis
246 1933 405 1991 bidentatis
419 1933 544 1992 donatas
556 1934 671 2012 species
682 1946 794 1992 asserat
808 1933 972 1993 abdomine
984 1933 1078 1993 bravi
1091 1946 1122 1994 et
1132 1952 1184 1993 ner·

124 2039 199 2093 suad
212 2052 278 2110 quae
294 2033 417 2093 cellulas
433 2033 559 2091 radiolas
575 2045 692 2113 separat
707 2033 938 2113 dignoscendas,
960 2033 1018 2094 has
1033 2034 1185 2115 diligenter

124 2138 296 2195 notavimus
311 2136 502 2193 differentias.
527 2137 571 2194 De
587 2135 684 2215 clypei
699 2140 795 2195 torma
810 2138 933 2214 insuper
945 2148 1125 2197 caracteres
1142 2136 1183 2193 ad-

124 2238 264 2296 didimus.
294 2237 353 2295 Sed
369 2236 443 2294 nibil
463 2239 492 2294 in
509 2238 572 2295 istis
588 2246 617 2293 et
630 2236 793 2295 Jurinianis
813 2248 842 2294 et
857 2247 961 2295 nostro
987 2237 1182 2297 caracteribus

123 2338 205 2418 quod
227 2337 390 2396 condendae
414 2338 552 2395 divisioni
575 2338 727 2415 proficiat,
754 2337 935 2395 invenimus.
960 2338 1043 2397 Nam
1064 2354 1181 2399 uerrurt

123 2460 190 2517 quae
201 2436 324 2499 cellulas
337 2437 461 2496 radioles
477 2451 594 2516 separat
610 2450 688 2496 recta
700 2448 748 2496 est
762 2440 792 2496 in
808 2436 1017 2499 Tentat-etiae
1033 2437 1146 2511 anecd,
1157 2448 1181 2495 ct

121 2543 152 2598 in
169 2542 292 2598 Tentlzr.
315 2540 490 2618 epltippiam
507 2537 593 2596 valde
608 2541 749 2611 incurva,
772 2540 844 2597 dum
868 2549 1006 2617 utraeque
1027 2540 1180 2600 abdomine

123 2641 208 2700 brevi
220 2651 290 2700 suut
300 2652 330 2699 et
339 2641 581 2719 Cryptislurinan
593 2644 705 2697 staturd
718 2645 815 2699 crased
830 2639 1045 2699 assimitandae.
1062 2642 1180 2721 Insuper

127 2744 346 2805 Tentlzredirzes
357 2744 468 2802 vt'ridt's
484 2756 514 2802 et
527 2745 673 2801 lacescens
686 2743 790 2802 habitu
804 2744 881 2801 inter
891 2762 924 2801 sc
936 2742 1069 2818 similes,
1086 2744 1178 2825 clypeo

123 2833 263 2930 ffiprima
279 2850 409 2908 maxime
423 2850 624 2925 emarginato‚
648 2848 679 2905 in
695 2858 724 2905 a·
737 2866 797 2905 non
814 2848 1003 2925 emarginato
1019 2850 1159 2927 gaudent

164 3005 197 3074 ><
214 2998 389 3059 Abdomine
405 3001 509 3075 nigro,
537 2996 595 3055 alio
610 2997 709 3055 colore
725 2999 832 3056 cincto.

200 3143 214 3168 '¹
229 3142 297 3199 218.
314 3143 488 3198 Tuarnaano
505 3158 636 3197 trunam.
656 3138 772 3209 Grnel,
789 3150 821 3195 u⁰
836 3156 901 3195 tar.
927 3137 1036 3211 bech,
1053 3152 1088 3201 n⁰
1103 3142 1160 3201 1⁰5.

163 3237 263 3323 C'aput
275 3244 413 3320 nigrum,
431 3241 536 3319 clypeo
550 3242 736 3316 emarginoto
748 3239 865 3317 angulis
877 3241 1022 3319 utrinque
1036 3244 1173 3309 testaceis,

120 3348 220 3418 labro,
243 3346 337 3426 palpis
352 3343 657 3418 mandibularumque
672 3345 756 3421 apice
774 3343 920 3401 testaceis.
945 3342 1071 3405 Thorax
1087 3348 1174 3423 niger,

119 3448 253 3507 humeris
271 3446 395 3527 pallidis.
420 3445 577 3502 Abdomen
596 3444 734 3519 nigrum,
759 3444 919 3520 segmentis
937 3464 954 3519 7
972 3446 1083 3523 primis
1097 3448 1176 3525 sopri

120 3549 285 3623 subtusque
301 3545 410 3626 pallido
423 3546 545 3602 inieritis
558 3545 752 3621 marginatis,
770 3544 801 3602 8ο
817 3554 946 3601 testaceo
959 3542 1091 3607 inieritis
1104 3566 1175 3607 ruar-

119 3654 240 3730 ginato,
259 3665 316 3704 ano
330 3658 468 3704 testaceo.
489 3646 582 3702 Pedes
596 3644 704 3722 pallide
716 3646 857 3714 testacei3
875 3645 960 3703 tarsis
977 3648 1174 3725 tibiarumque

121 3746 454 3831 apicefuscescentibus.
467 3744 821 3822 Alaebyalinae‚nervuris
833 3743 935 3814 luscis,
943 3748 1175 3824 punctomargi-

120 3854 181 3911 noli
196 3860 341 3918 testaceo,
358 3852 485 3904 nervurd
497 3866 563 3924 quae
575 3845 698 3904 cellulas
710 3843 836 3903 radiales
848 3856 966 3924 separat
979 3848 1031 3917 six
1044 3850 1172 3908 incurat.

159 3954 311 4009 Antennas
323 3950 451 4022 integras
464 3966 522 4004 non
537 3947 593 4005 vidi
609 3965 615 4002 :
630 3948 735 4023 Nigrus
750 3957 780 4004 et
794 3948 991 4023 seiacensem
1007 3946 1154 4015 eximium.

162 4053 254 4111 Fam.
272 4051 305 4108 V.
322 4051 358 4107 In
371 4047 464 4107 cattis
475 4046 712 4127 septentrionali.
734 4048 813 4107 blus.
827 4046 907 4107 dom.
922 4047 1065 4111 boussel.
