2602 4470
586 426 594 439 ,
663 340 748 428 (vj)

210 465 280 532 Non
297 468 374 553 ergb
389 462 559 552 respuendi
577 460 782 555 Geoss'royani
797 461 991 544 caracteres,
1012 472 1037 537 si
1053 479 1070 537 a
1088 495 1215 541 summo

166 597 265 661 usque
282 573 322 637 ad
336 574 435 637 imum
446 585 659 639 servarentur.

209 678 475 746 Tenthrediu'etas
495 680 528 745 in
549 677 640 768 plura
663 692 779 770 genera
802 678 977 751 diviserunt
997 683 1162 755 Fabricius
1181 702 1216 754 et

165 788 346 856 Latroillius
359 800 466 853 noster
480 812 488 854 ι
503 788 556 855 bic
572 801 771 855 caracterum
787 790 945 858 bonorum
957 795 1078 882 primus
1091 809 1217 872 auctor,

165 897 219 964 ille
234 897 327 962 bonis
344 919 466 962 errores
482 910 688 965 connectens.

211 1005 368 1096 Neglectis
386 1004 516 1093 quidem
533 1006 782 1094 praecedentium
797 1006 936 1096 Fabricii
952 1033 1086 1098 operum
1102 1012 1216 1078 amba-

165 1114 273 1203 gibus,
292 1115 344 1179 bic
359 1112 455 1178 solius
472 1114 670 1179 Piezatorum
682 1118 861 1203 systematis
877 1115 1030 1206 analysim
1043 1119 1214 1185 offeremus

160 1221 242 1288 ¹‘dbm
263 1222 324 1288 hoc
343 1223 383 1287 sit
403 1223 541 1288 auctoris
563 1223 596 1288 in
615 1216 872 1291 Tenthredinetis
888 1239 1066 1293 extremum
1082 1253 1162 1318 opus
1180 1242 1213 1295 ct

164 1331 282 1397 laboris
297 1354 431 1396 summa.

209 1442 339 1531 Septem
355 1464 471 1530 genera
492 1430 666 1506 introduxit
681 1436 858 1507 Fabricius.

211 1564 251 1615 ι’.
280 1549 423 1614 Cimbcx.
456 1549 526 1614 Hoc
548 1548 656 1613 Genus
684 1548 768 1613 idem
790 1572 828 1615 ac
849 1549 930 1615 Gen.
950 1549 1072 1617 Crabro
1089 1553 1211 1618 Geoffr.

165 1659 286 1748 species
301 1655 525 1745 complectitur
543 1645 772 1747 antennarum,
796 1657 1054 1726 mandibularum
1071 1660 1213 1728 alarum-

164 1793 227 1857 que
242 1777 388 1854 respectu
408 1764 564 1840 diversas,
586 1787 765 1854 generaque
781 1765 855 1830 iude
870 1769 968 1855 petita
984 1780 1039 1833 aut
1055 1771 1214 1836 sectiones

164 1872 510 1962 auctmibuspraebuit.
601 1922 604 1931 ,

201 1996 254 2048 ι’.
273 1982 387 2070 Tarpa.
411 1981 520 2046 Genus
534 1982 691 2070 optimum
708 1983 973 2071 servandumque.

207 2093 253 2158 5⁰.
271 2090 454 2180 Hylotoma.
475 2090 695 2173 Antennacum
709 2103 855 2180 respectu
871 2093 916 2159 sic
929 2092 1099 2159 dividiturr
1189 2144 1194 2159 .

159 2268 163 2279 ,
202 2227 238 2267 ιι.
264 2199 420 2267 Antenuis
437 2200 619 2288 pectinatis.
650 2198 696 2266 At
716 2198 801 2265 male
820 2199 872 2265 hic
894 2198 1017 2268 locatur
1039 2198 1212 2287 Hylotoma

164 2304 302 2377 Furcata
320 2323 356 2374 ι’
371 2307 516 2374 divisioni
533 2307 634 2373 multb
650 2308 783 2379 affinior,
827 2347 831 2357 ·

208 2419 236 2483 b.
253 2418 409 2496 Antennis
424 2414 654 2495 exarticulatis,
672 2421 849 2481 extrorsum
860 2417 1078 2483 crassioribus.
1097 2416 1215 2485 Natio,-

165 2526 262 2593 modb
281 2527 431 2651 omnibus
453 2525 506 2591 tue
520 2526 714 2590 enumeratis
733 2525 898 2612 speciebus
913 2527 1063 2593 convenit
1080 2526 1156 2589 iste
1155 2548 1214 2599 ca-

166 2710 330 2811 dntenuas
345 2708 523 2809 extrorsum
535 2742 707 2808 crassiores
723 2742 760 2805 in
771 2739 857 2806 uuila
875 2741 981 2827 specie
995 2741 1127 2812 uidi.-
1155 2805 1158 2811 ,

119 2868 121 2875 ’
153 2914 157 2921 ,
209 2879 238 2919 c.
257 2852 411 2919 Antennis
423 2849 624 2927 fiiifermibus
634 2846 854 2935 denticulatis.
870 2848 930 2914 flu
943 2848 1122 2919 inconsulte
1132 2868 1216 2917 con.-

158 2974 321 3052 :geruntur
336 2960 456 3048 species
468 2979 602 3045 corpore
615 2956 720 3030 brevi,
740 2976 864 3029 crasso,
884 2956 1031 3022 antennis
1048 2979 1135 3023 nsrnc
1153 2981 1215 3023 no-

132 3123 135 3128 ·
167 3095 257 3146 vem,
276 3090 361 3135 nunc
374 3073 481 3133 revera
495 3065 643 3142 undecim
659 3062 854 3133 articulatis:
867 3062 930 3138 illae
942 3062 1215 3138 Tenthredinibats

154 3177 343 3250 affiniores,
366 3174 414 3240 hae
434 3173 568 3262 propriis
580 3162 710 3237 'eximiis
725 3172 809 3241 notis
823 3171 863 3237 ab
880 3173 1029 3237 omnibus
1045 3171 1113 3237 aliis
1129 3172 1217 3239 Ten-

169 3284 357 3351 thredinetis
376 3282 541 3347 distinctae.
824 3352 827 3357 ,

213 3397 256 3474 4⁰.
276 3391 468 3458 Tenthredo.
495 3391 530 3455 ln
549 3391 568 3456 5
584 3391 742 3456 sectiones
757 3388 892 3454 divisum
905 3410 1017 3477 genus.

155 3578 159 3587 Ι
218 3526 228 3567 ι
236 3499 415 3567 'Antennis
427 3503 604 3563 extrorsum
616 3497 905 3563 subcrassioribus.
897 3520 905 3536 ·
920 3496 984 3562 dici
999 3495 1144 3571 deberet,
1160 3518 1219 3564 au-

168 3610 273 3677 tenuis
290 3608 412 3696 apicem
429 3611 536 3671 versus
552 3604 769 3669 crassioribus.
844 3648 847 3653 >

150 3776 153 3781 .
171 3730 247 3785 '2
268 3715 423 3787 Antennis
451 3711 669 3807 filisormibus,
701 3711 810 3798 5“ιιιιιι
837 3712 983 3779 antennis
1007 3670 1216 3788 sabsetaceis,

169 3826 334 3915 nullopere
350 3822 500 3909 distingui
516 3800 698 3909 possunt

212 3932 279 3999 Hoc
289 3933 396 3999 Genus
415 3931 478 4015 iam
495 3930 660 4018 speciebus
677 3939 844 3997 numatam
859 3930 1143 4004 numerosioribus,
1154 3951 1216 4017 pe-
